%YAML 1.1
%TAG !u! tag:unity3d.com,2011:
--- !u!29 &1
SceneSettings:
  m_ObjectHideFlags: 0
  m_PVSData: 
  m_PVSObjectsArray: []
  m_PVSPortalsArray: []
  m_OcclusionBakeSettings:
    smallestOccluder: 5
    smallestHole: .25
    backfaceThreshold: 100
--- !u!104 &2
RenderSettings:
  m_Fog: 0
  m_FogColor: {r: .5, g: .5, b: .5, a: 1}
  m_FogMode: 3
  m_FogDensity: .00999999978
  m_LinearFogStart: 0
  m_LinearFogEnd: 300
  m_AmbientLight: {r: .200000003, g: .200000003, b: .200000003, a: 1}
  m_SkyboxMaterial: {fileID: 0}
  m_HaloStrength: .5
  m_FlareStrength: 1
  m_FlareFadeSpeed: 3
  m_HaloTexture: {fileID: 0}
  m_SpotCookie: {fileID: 0}
  m_ObjectHideFlags: 0
--- !u!127 &3
LevelGameManager:
  m_ObjectHideFlags: 0
--- !u!157 &4
LightmapSettings:
  m_ObjectHideFlags: 0
  m_LightProbes: {fileID: 0}
  m_Lightmaps: []
  m_LightmapsMode: 1
  m_BakedColorSpace: 0
  m_UseDualLightmapsInForward: 0
  m_LightmapEditorSettings:
    m_Resolution: 50
    m_LastUsedResolution: 0
    m_TextureWidth: 1024
    m_TextureHeight: 1024
    m_BounceBoost: 1
    m_BounceIntensity: 1
    m_SkyLightColor: {r: .860000014, g: .930000007, b: 1, a: 1}
    m_SkyLightIntensity: 0
    m_Quality: 0
    m_Bounces: 1
    m_FinalGatherRays: 1000
    m_FinalGatherContrastThreshold: .0500000007
    m_FinalGatherGradientThreshold: 0
    m_FinalGatherInterpolationPoints: 15
    m_AOAmount: 0
    m_AOMaxDistance: .100000001
    m_AOContrast: 1
    m_LODSurfaceMappingDistance: 1
    m_Padding: 0
    m_TextureCompression: 0
    m_LockAtlas: 0
--- !u!196 &5
NavMeshSettings:
  m_ObjectHideFlags: 0
  m_BuildSettings:
    agentRadius: .5
    agentHeight: 2
    agentSlope: 45
    agentClimb: .400000006
    ledgeDropHeight: 0
    maxJumpAcrossDistance: 0
    accuratePlacement: 0
    minRegionArea: 2
    widthInaccuracy: 16.666666
    heightInaccuracy: 10
  m_NavMesh: {fileID: 0}
--- !u!1 &34660354
GameObject:
  m_ObjectHideFlags: 0
  m_PrefabParentObject: {fileID: 100000, guid: f5253d73e468c7a418eb1ec0e99fc4c2, type: 2}
  m_PrefabInternal: {fileID: 0}
  serializedVersion: 4
  m_Component:
  - 224: {fileID: 34660355}
  - 222: {fileID: 34660357}
  - 114: {fileID: 34660356}
  - 114: {fileID: 34660358}
  m_Layer: 5
  m_Name: Panel
  m_TagString: Untagged
  m_Icon: {fileID: 0}
  m_NavMeshLayer: 0
  m_StaticEditorFlags: 0
  m_IsActive: 1
--- !u!224 &34660355
RectTransform:
  m_ObjectHideFlags: 0
  m_PrefabParentObject: {fileID: 22400000, guid: f5253d73e468c7a418eb1ec0e99fc4c2,
    type: 2}
  m_PrefabInternal: {fileID: 0}
  m_GameObject: {fileID: 34660354}
  m_LocalRotation: {x: 0, y: 0, z: 0, w: 1}
  m_LocalPosition: {x: 0, y: 0, z: 0}
  m_LocalScale: {x: 1, y: 1, z: 1}
  m_Children:
  - {fileID: 1141875240}
  - {fileID: 347566137}
  - {fileID: 781679051}
  - {fileID: 700068326}
  - {fileID: 1900906762}
  m_Father: {fileID: 409605892}
  m_RootOrder: 0
  m_AnchorMin: {x: 0, y: 0}
  m_AnchorMax: {x: .24547413, y: .254747599}
  m_AnchoredPosition: {x: -.25, y: 0}
  m_SizeDelta: {x: .5, y: 0}
  m_Pivot: {x: .5, y: .5}
--- !u!114 &34660356
MonoBehaviour:
  m_ObjectHideFlags: 0
  m_PrefabParentObject: {fileID: 11400000, guid: f5253d73e468c7a418eb1ec0e99fc4c2,
    type: 2}
  m_PrefabInternal: {fileID: 0}
  m_GameObject: {fileID: 34660354}
  m_Enabled: 1
  m_EditorHideFlags: 0
  m_Script: {fileID: -765806418, guid: f5f67c52d1564df4a8936ccd202a3bd8, type: 3}
  m_Name: 
  m_EditorClassIdentifier: 
  m_Material: {fileID: 0}
  m_Color: {r: 1, g: 1, b: 1, a: .39199999}
  m_Sprite: {fileID: 10907, guid: 0000000000000000f000000000000000, type: 0}
  m_Type: 1
  m_PreserveAspect: 0
  m_FillCenter: 1
  m_FillMethod: 4
  m_FillAmount: 1
  m_FillClockwise: 1
  m_FillOrigin: 0
--- !u!222 &34660357
CanvasRenderer:
  m_ObjectHideFlags: 0
  m_PrefabParentObject: {fileID: 22200000, guid: f5253d73e468c7a418eb1ec0e99fc4c2,
    type: 2}
  m_PrefabInternal: {fileID: 0}
  m_GameObject: {fileID: 34660354}
  m_HideIfInvisible: 0
--- !u!114 &34660358
MonoBehaviour:
  m_ObjectHideFlags: 0
  m_PrefabParentObject: {fileID: 11400002, guid: f5253d73e468c7a418eb1ec0e99fc4c2,
    type: 2}
  m_PrefabInternal: {fileID: 0}
  m_GameObject: {fileID: 34660354}
  m_Enabled: 1
  m_EditorHideFlags: 0
  m_Script: {fileID: 1573420865, guid: f5f67c52d1564df4a8936ccd202a3bd8, type: 3}
  m_Name: 
  m_EditorClassIdentifier: 
  m_EffectColor: {r: 0, g: 0, b: 0, a: .5}
  m_EffectDistance: {x: 1, y: -1}
  m_UseGraphicAlpha: 1
--- !u!1 &47780811
GameObject:
  m_ObjectHideFlags: 0
  m_PrefabParentObject: {fileID: 100002, guid: f5253d73e468c7a418eb1ec0e99fc4c2, type: 2}
  m_PrefabInternal: {fileID: 0}
  serializedVersion: 4
  m_Component:
  - 224: {fileID: 47780812}
  - 222: {fileID: 47780815}
  - 114: {fileID: 47780814}
  - 114: {fileID: 47780813}
  m_Layer: 5
  m_Name: Text
  m_TagString: Untagged
  m_Icon: {fileID: 0}
  m_NavMeshLayer: 0
  m_StaticEditorFlags: 0
  m_IsActive: 1
--- !u!224 &47780812
RectTransform:
  m_ObjectHideFlags: 0
  m_PrefabParentObject: {fileID: 22400002, guid: f5253d73e468c7a418eb1ec0e99fc4c2,
    type: 2}
  m_PrefabInternal: {fileID: 0}
  m_GameObject: {fileID: 47780811}
  m_LocalRotation: {x: 0, y: 0, z: 0, w: 1}
  m_LocalPosition: {x: 0, y: 0, z: 0}
  m_LocalScale: {x: 1, y: 1, z: 1}
  m_Children: []
  m_Father: {fileID: 1850455578}
  m_RootOrder: 0
  m_AnchorMin: {x: .5, y: .5}
  m_AnchorMax: {x: .5, y: .5}
  m_AnchoredPosition: {x: -.000107228756, y: .000150799751}
  m_SizeDelta: {x: 133.960007, y: 46.3899994}
  m_Pivot: {x: .5, y: .5}
--- !u!114 &47780813
MonoBehaviour:
  m_ObjectHideFlags: 0
  m_PrefabParentObject: {fileID: 11400004, guid: f5253d73e468c7a418eb1ec0e99fc4c2,
    type: 2}
  m_PrefabInternal: {fileID: 0}
  m_GameObject: {fileID: 47780811}
  m_Enabled: 1
  m_EditorHideFlags: 0
  m_Script: {fileID: 11500000, guid: 53669fc3b17996c409adeae5006c54d2, type: 3}
  m_Name: 
  m_EditorClassIdentifier: 
  timesec: 0
  timemin: 0
--- !u!114 &47780814
MonoBehaviour:
  m_ObjectHideFlags: 0
  m_PrefabParentObject: {fileID: 11400006, guid: f5253d73e468c7a418eb1ec0e99fc4c2,
    type: 2}
  m_PrefabInternal: {fileID: 0}
  m_GameObject: {fileID: 47780811}
  m_Enabled: 1
  m_EditorHideFlags: 0
  m_Script: {fileID: 708705254, guid: f5f67c52d1564df4a8936ccd202a3bd8, type: 3}
  m_Name: 
  m_EditorClassIdentifier: 
  m_Material: {fileID: 0}
  m_Color: {r: .1953125, g: .1953125, b: .1953125, a: 1}
  m_FontData:
    m_Font: {fileID: 10102, guid: 0000000000000000e000000000000000, type: 0}
    m_FontSize: 20
    m_FontStyle: 1
    m_BestFit: 0
    m_MinSize: 10
    m_MaxSize: 40
    m_Alignment: 4
    m_RichText: 1
    m_HorizontalOverflow: 0
    m_VerticalOverflow: 0
    m_LineSpacing: 1
  m_Text: 
--- !u!222 &47780815
CanvasRenderer:
  m_ObjectHideFlags: 0
  m_PrefabParentObject: {fileID: 22200002, guid: f5253d73e468c7a418eb1ec0e99fc4c2,
    type: 2}
  m_PrefabInternal: {fileID: 0}
  m_GameObject: {fileID: 47780811}
  m_HideIfInvisible: 0
--- !u!1 &347566134
GameObject:
  m_ObjectHideFlags: 0
  m_PrefabParentObject: {fileID: 100006, guid: f5253d73e468c7a418eb1ec0e99fc4c2, type: 2}
  m_PrefabInternal: {fileID: 0}
  serializedVersion: 4
  m_Component:
  - 224: {fileID: 347566137}
  - 222: {fileID: 347566136}
  - 114: {fileID: 347566135}
  m_Layer: 5
  m_Name: Image
  m_TagString: Untagged
  m_Icon: {fileID: 0}
  m_NavMeshLayer: 0
  m_StaticEditorFlags: 0
  m_IsActive: 1
--- !u!114 &347566135
MonoBehaviour:
  m_ObjectHideFlags: 0
  m_PrefabParentObject: {fileID: 11400012, guid: f5253d73e468c7a418eb1ec0e99fc4c2,
    type: 2}
  m_PrefabInternal: {fileID: 0}
  m_GameObject: {fileID: 347566134}
  m_Enabled: 1
  m_EditorHideFlags: 0
  m_Script: {fileID: -765806418, guid: f5f67c52d1564df4a8936ccd202a3bd8, type: 3}
  m_Name: 
  m_EditorClassIdentifier: 
  m_Material: {fileID: 0}
  m_Color: {r: 1, g: 1, b: 1, a: 1}
  m_Sprite: {fileID: 21300000, guid: 4d01da078a7b12a4bacea957152c2a2b, type: 3}
  m_Type: 0
  m_PreserveAspect: 1
  m_FillCenter: 1
  m_FillMethod: 4
  m_FillAmount: 1
  m_FillClockwise: 1
  m_FillOrigin: 0
--- !u!222 &347566136
CanvasRenderer:
  m_ObjectHideFlags: 0
  m_PrefabParentObject: {fileID: 22200006, guid: f5253d73e468c7a418eb1ec0e99fc4c2,
    type: 2}
  m_PrefabInternal: {fileID: 0}
  m_GameObject: {fileID: 347566134}
  m_HideIfInvisible: 0
--- !u!224 &347566137
RectTransform:
  m_ObjectHideFlags: 0
  m_PrefabParentObject: {fileID: 22400006, guid: f5253d73e468c7a418eb1ec0e99fc4c2,
    type: 2}
  m_PrefabInternal: {fileID: 0}
  m_GameObject: {fileID: 347566134}
  m_LocalRotation: {x: 0, y: 0, z: 0, w: 1}
  m_LocalPosition: {x: 0, y: 0, z: 0}
  m_LocalScale: {x: 1, y: 1, z: 1}
  m_Children: []
  m_Father: {fileID: 34660355}
  m_RootOrder: 1
  m_AnchorMin: {x: .73300004, y: .152160868}
  m_AnchorMax: {x: .954000056, y: .587293565}
  m_AnchoredPosition: {x: -1.1921029e-06, y: -.173421085}
  m_SizeDelta: {x: 7.62939999e-06, y: .346839994}
  m_Pivot: {x: .5, y: .5}
--- !u!1 &409605889
GameObject:
  m_ObjectHideFlags: 0
  m_PrefabParentObject: {fileID: 100008, guid: f5253d73e468c7a418eb1ec0e99fc4c2, type: 2}
  m_PrefabInternal: {fileID: 0}
  serializedVersion: 4
  m_Component:
  - 224: {fileID: 409605892}
  - 223: {fileID: 409605891}
  - 114: {fileID: 409605890}
  m_Layer: 5
  m_Name: Canvas
  m_TagString: Untagged
  m_Icon: {fileID: 0}
  m_NavMeshLayer: 0
  m_StaticEditorFlags: 0
  m_IsActive: 1
--- !u!114 &409605890
MonoBehaviour:
  m_ObjectHideFlags: 0
  m_PrefabParentObject: {fileID: 11400014, guid: f5253d73e468c7a418eb1ec0e99fc4c2,
    type: 2}
  m_PrefabInternal: {fileID: 0}
  m_GameObject: {fileID: 409605889}
  m_Enabled: 1
  m_EditorHideFlags: 0
  m_Script: {fileID: 1301386320, guid: f5f67c52d1564df4a8936ccd202a3bd8, type: 3}
  m_Name: 
  m_EditorClassIdentifier: 
  m_Priority: 3
  ignoreReversedGraphics: 1
  blockingObjects: 0
  m_BlockingMask:
    serializedVersion: 2
    m_Bits: 4294967295
--- !u!223 &409605891
Canvas:
  m_ObjectHideFlags: 0
  m_PrefabParentObject: {fileID: 22300000, guid: f5253d73e468c7a418eb1ec0e99fc4c2,
    type: 2}
  m_PrefabInternal: {fileID: 0}
  m_GameObject: {fileID: 409605889}
  m_Enabled: 1
  serializedVersion: 2
  m_RenderMode: 1
  m_Camera: {fileID: 560624006}
  m_PlaneDistance: 4
  m_PixelPerfect: 0
  m_ReceivesEvents: 1
  m_OverrideSorting: 0
  m_SortingLayerID: 0
  m_SortingOrder: 0
--- !u!224 &409605892
RectTransform:
  m_ObjectHideFlags: 0
  m_PrefabParentObject: {fileID: 22400008, guid: f5253d73e468c7a418eb1ec0e99fc4c2,
    type: 2}
  m_PrefabInternal: {fileID: 0}
  m_GameObject: {fileID: 409605889}
  m_LocalRotation: {x: 0, y: 0, z: 0, w: 1}
  m_LocalPosition: {x: 0, y: 0, z: 0}
  m_LocalScale: {x: 0, y: 0, z: 0}
  m_Children:
  - {fileID: 34660355}
  - {fileID: 1277796444}
  - {fileID: 1850455578}
  m_Father: {fileID: 0}
  m_RootOrder: 4
  m_AnchorMin: {x: 0, y: 0}
  m_AnchorMax: {x: 0, y: 0}
  m_AnchoredPosition: {x: 0, y: 0}
  m_SizeDelta: {x: 0, y: 0}
  m_Pivot: {x: 0, y: 0}
--- !u!1 &430519167
GameObject:
  m_ObjectHideFlags: 0
  m_PrefabParentObject: {fileID: 100010, guid: f5253d73e468c7a418eb1ec0e99fc4c2, type: 2}
  m_PrefabInternal: {fileID: 0}
  serializedVersion: 4
  m_Component:
  - 224: {fileID: 430519168}
  - 222: {fileID: 430519170}
  - 114: {fileID: 430519169}
  m_Layer: 5
  m_Name: stamina
  m_TagString: Untagged
  m_Icon: {fileID: 0}
  m_NavMeshLayer: 0
  m_StaticEditorFlags: 0
  m_IsActive: 1
--- !u!224 &430519168
RectTransform:
  m_ObjectHideFlags: 0
  m_PrefabParentObject: {fileID: 22400010, guid: f5253d73e468c7a418eb1ec0e99fc4c2,
    type: 2}
  m_PrefabInternal: {fileID: 0}
  m_GameObject: {fileID: 430519167}
  m_LocalRotation: {x: 0, y: 0, z: 0, w: 1}
  m_LocalPosition: {x: 0, y: 0, z: 0}
  m_LocalScale: {x: 1, y: 1, z: 1}
  m_Children:
  - {fileID: 1126013988}
  m_Father: {fileID: 1277796444}
  m_RootOrder: 5
  m_AnchorMin: {x: .100000001, y: .735000014}
  m_AnchorMax: {x: .90421176, y: .930392981}
  m_AnchoredPosition: {x: -1.52587891e-05, y: -2.76565552e-05}
  m_SizeDelta: {x: 0, y: -1.90734863e-06}
  m_Pivot: {x: .5, y: .5}
--- !u!114 &430519169
MonoBehaviour:
  m_ObjectHideFlags: 0
  m_PrefabParentObject: {fileID: 11400016, guid: f5253d73e468c7a418eb1ec0e99fc4c2,
    type: 2}
  m_PrefabInternal: {fileID: 0}
  m_GameObject: {fileID: 430519167}
  m_Enabled: 1
  m_EditorHideFlags: 0
  m_Script: {fileID: -765806418, guid: f5f67c52d1564df4a8936ccd202a3bd8, type: 3}
  m_Name: 
  m_EditorClassIdentifier: 
  m_Material: {fileID: 0}
  m_Color: {r: 1, g: 0, b: 0, a: .392156869}
  m_Sprite: {fileID: 10907, guid: 0000000000000000f000000000000000, type: 0}
  m_Type: 1
  m_PreserveAspect: 0
  m_FillCenter: 1
  m_FillMethod: 4
  m_FillAmount: 1
  m_FillClockwise: 1
  m_FillOrigin: 0
--- !u!222 &430519170
CanvasRenderer:
  m_ObjectHideFlags: 0
  m_PrefabParentObject: {fileID: 22200008, guid: f5253d73e468c7a418eb1ec0e99fc4c2,
    type: 2}
  m_PrefabInternal: {fileID: 0}
  m_GameObject: {fileID: 430519167}
  m_HideIfInvisible: 0
--- !u!1 &560624002
GameObject:
  m_ObjectHideFlags: 0
  m_PrefabParentObject: {fileID: 0}
  m_PrefabInternal: {fileID: 0}
  serializedVersion: 4
  m_Component:
  - 4: {fileID: 560624007}
  - 20: {fileID: 560624006}
  - 92: {fileID: 560624005}
  - 124: {fileID: 560624004}
  - 81: {fileID: 560624003}
  - 114: {fileID: 560624008}
  - 114: {fileID: 560624009}
  m_Layer: 0
  m_Name: Main Camera
  m_TagString: MainCamera
  m_Icon: {fileID: 0}
  m_NavMeshLayer: 0
  m_StaticEditorFlags: 0
  m_IsActive: 1
--- !u!81 &560624003
AudioListener:
  m_ObjectHideFlags: 0
  m_PrefabParentObject: {fileID: 0}
  m_PrefabInternal: {fileID: 0}
  m_GameObject: {fileID: 560624002}
  m_Enabled: 1
--- !u!124 &560624004
Behaviour:
  m_ObjectHideFlags: 0
  m_PrefabParentObject: {fileID: 0}
  m_PrefabInternal: {fileID: 0}
  m_GameObject: {fileID: 560624002}
  m_Enabled: 1
--- !u!92 &560624005
Behaviour:
  m_ObjectHideFlags: 0
  m_PrefabParentObject: {fileID: 0}
  m_PrefabInternal: {fileID: 0}
  m_GameObject: {fileID: 560624002}
  m_Enabled: 1
--- !u!20 &560624006
Camera:
  m_ObjectHideFlags: 0
  m_PrefabParentObject: {fileID: 0}
  m_PrefabInternal: {fileID: 0}
  m_GameObject: {fileID: 560624002}
  m_Enabled: 1
  serializedVersion: 2
  m_ClearFlags: 1
  m_BackGroundColor: {r: .192156866, g: .301960796, b: .474509805, a: .0196078438}
  m_NormalizedViewPortRect:
    serializedVersion: 2
    x: 0
    y: 0
    width: 1
    height: 1
  near clip plane: .300000012
  far clip plane: 1000
  field of view: 60
  orthographic: 1
  orthographic size: 5
  m_Depth: -1
  m_CullingMask:
    serializedVersion: 2
    m_Bits: 4294967295
  m_RenderingPath: -1
  m_TargetTexture: {fileID: 0}
  m_TargetDisplay: 0
  m_HDR: 0
  m_OcclusionCulling: 1
  m_StereoConvergence: 10
  m_StereoSeparation: .0219999999
--- !u!4 &560624007
Transform:
  m_ObjectHideFlags: 0
  m_PrefabParentObject: {fileID: 0}
  m_PrefabInternal: {fileID: 0}
  m_GameObject: {fileID: 560624002}
  m_LocalRotation: {x: 0, y: 0, z: 0, w: 1}
  m_LocalPosition: {x: 0, y: 0, z: -10}
  m_LocalScale: {x: 1, y: 1, z: 1}
  m_Children: []
  m_Father: {fileID: 0}
  m_RootOrder: 1
--- !u!114 &560624008
MonoBehaviour:
  m_ObjectHideFlags: 0
  m_PrefabParentObject: {fileID: 0}
  m_PrefabInternal: {fileID: 0}
  m_GameObject: {fileID: 560624002}
  m_Enabled: 0
  m_EditorHideFlags: 0
  m_Script: {fileID: 11500000, guid: 4fb28b3841f539849b911e5dd8302bce, type: 3}
  m_Name: 
  m_EditorClassIdentifier: 
  MoveX: 0
  MoveY: 0
  Joystick: 
  playerID: 0
  canIMove: 1
  CanMovePosX: 1
  CanMoveNegX: 1
  CanMovePosY: 1
  CanMoveNegY: 1
  stamina: 0
  coin: 0
  look: 0
  attackButt: 0
  enemies: []
  attackRange: 0
  damege: 0
  X: 
  stu: 0
  regainStamina: 0
  pushButt: 0
  pushRange: 0
  pushLength: 0
  otherPlayer: {fileID: 0}
  pushed: 0
  pushedTime: 0
  pushedEndTime: 0
--- !u!114 &560624009
MonoBehaviour:
  m_ObjectHideFlags: 0
  m_PrefabParentObject: {fileID: 0}
  m_PrefabInternal: {fileID: 0}
  m_GameObject: {fileID: 560624002}
  m_Enabled: 0
  m_EditorHideFlags: 0
  m_Script: {fileID: 11500000, guid: a133363ed7355d24b8e1489e7d33d670, type: 3}
  m_Name: 
  m_EditorClassIdentifier: 
  coin: {fileID: 2800000, guid: f51e9dabf59bcc4428500a8393b01afe, type: 3}
  kill: {fileID: 2800000, guid: 4d01da078a7b12a4bacea957152c2a2b, type: 3}
  player: {fileID: 0}
  player2: {fileID: 0}
--- !u!1 &700068325
GameObject:
  m_ObjectHideFlags: 0
  m_PrefabParentObject: {fileID: 100012, guid: f5253d73e468c7a418eb1ec0e99fc4c2, type: 2}
  m_PrefabInternal: {fileID: 0}
  serializedVersion: 4
  m_Component:
  - 224: {fileID: 700068326}
  - 222: {fileID: 700068328}
  - 114: {fileID: 700068327}
  - 114: {fileID: 700068329}
  m_Layer: 5
  m_Name: P1
  m_TagString: Untagged
  m_Icon: {fileID: 0}
  m_NavMeshLayer: 0
  m_StaticEditorFlags: 0
  m_IsActive: 1
--- !u!224 &700068326
RectTransform:
  m_ObjectHideFlags: 0
  m_PrefabParentObject: {fileID: 22400012, guid: f5253d73e468c7a418eb1ec0e99fc4c2,
    type: 2}
  m_PrefabInternal: {fileID: 0}
  m_GameObject: {fileID: 700068325}
  m_LocalRotation: {x: 0, y: 0, z: 0, w: 1}
  m_LocalPosition: {x: 0, y: 0, z: 0}
  m_LocalScale: {x: 1, y: 1, z: 1}
  m_Children: []
  m_Father: {fileID: 34660355}
  m_RootOrder: 3
  m_AnchorMin: {x: .536703408, y: .232633099}
  m_AnchorMax: {x: .628129423, y: .5}
  m_AnchoredPosition: {x: -8.16587453e-06, y: -7.4505806e-06}
  m_SizeDelta: {x: 0, y: -5.72199997e-06}
  m_Pivot: {x: .5, y: .5}
--- !u!114 &700068327
MonoBehaviour:
  m_ObjectHideFlags: 0
  m_PrefabParentObject: {fileID: 11400018, guid: f5253d73e468c7a418eb1ec0e99fc4c2,
    type: 2}
  m_PrefabInternal: {fileID: 0}
  m_GameObject: {fileID: 700068325}
  m_Enabled: 1
  m_EditorHideFlags: 0
  m_Script: {fileID: 708705254, guid: f5f67c52d1564df4a8936ccd202a3bd8, type: 3}
  m_Name: 
  m_EditorClassIdentifier: 
  m_Material: {fileID: 0}
  m_Color: {r: .1953125, g: .1953125, b: .1953125, a: 1}
  m_FontData:
    m_Font: {fileID: 10102, guid: 0000000000000000e000000000000000, type: 0}
    m_FontSize: 14
    m_FontStyle: 0
    m_BestFit: 0
    m_MinSize: 10
    m_MaxSize: 40
    m_Alignment: 0
    m_RichText: 1
    m_HorizontalOverflow: 0
    m_VerticalOverflow: 0
    m_LineSpacing: 1
  m_Text: New Text
--- !u!222 &700068328
CanvasRenderer:
  m_ObjectHideFlags: 0
  m_PrefabParentObject: {fileID: 22200010, guid: f5253d73e468c7a418eb1ec0e99fc4c2,
    type: 2}
  m_PrefabInternal: {fileID: 0}
  m_GameObject: {fileID: 700068325}
  m_HideIfInvisible: 0
--- !u!114 &700068329
MonoBehaviour:
  m_ObjectHideFlags: 0
  m_PrefabParentObject: {fileID: 11400020, guid: f5253d73e468c7a418eb1ec0e99fc4c2,
    type: 2}
  m_PrefabInternal: {fileID: 0}
  m_GameObject: {fileID: 700068325}
  m_Enabled: 1
  m_EditorHideFlags: 0
  m_Script: {fileID: 11500000, guid: 71229ddf7f1204447b87ab8255dde34b, type: 3}
  m_Name: 
  m_EditorClassIdentifier: 
--- !u!1 &781679050
GameObject:
  m_ObjectHideFlags: 0
  m_PrefabParentObject: {fileID: 100014, guid: f5253d73e468c7a418eb1ec0e99fc4c2, type: 2}
  m_PrefabInternal: {fileID: 0}
  serializedVersion: 4
  m_Component:
  - 224: {fileID: 781679051}
  - 222: {fileID: 781679053}
  - 114: {fileID: 781679052}
  m_Layer: 5
  m_Name: Image
  m_TagString: Untagged
  m_Icon: {fileID: 0}
  m_NavMeshLayer: 0
  m_StaticEditorFlags: 0
  m_IsActive: 1
--- !u!224 &781679051
RectTransform:
  m_ObjectHideFlags: 0
  m_PrefabParentObject: {fileID: 22400014, guid: f5253d73e468c7a418eb1ec0e99fc4c2,
    type: 2}
  m_PrefabInternal: {fileID: 0}
  m_GameObject: {fileID: 781679050}
  m_LocalRotation: {x: 0, y: 0, z: 0, w: 1}
  m_LocalPosition: {x: 0, y: 0, z: 0}
  m_LocalScale: {x: 1, y: 1, z: 1}
  m_Children: []
  m_Father: {fileID: 34660355}
  m_RootOrder: 2
  m_AnchorMin: {x: .314567804, y: .152160868}
  m_AnchorMax: {x: .536703408, y: .587293565}
  m_AnchoredPosition: {x: -.370633245, y: -1.16825104e-05}
  m_SizeDelta: {x: .741220474, y: -1.90729997e-06}
  m_Pivot: {x: .5, y: .5}
--- !u!114 &781679052
MonoBehaviour:
  m_ObjectHideFlags: 0
  m_PrefabParentObject: {fileID: 11400022, guid: f5253d73e468c7a418eb1ec0e99fc4c2,
    type: 2}
  m_PrefabInternal: {fileID: 0}
  m_GameObject: {fileID: 781679050}
  m_Enabled: 1
  m_EditorHideFlags: 0
  m_Script: {fileID: -765806418, guid: f5f67c52d1564df4a8936ccd202a3bd8, type: 3}
  m_Name: 
  m_EditorClassIdentifier: 
  m_Material: {fileID: 0}
  m_Color: {r: 1, g: 1, b: 1, a: 1}
  m_Sprite: {fileID: 21300000, guid: f51e9dabf59bcc4428500a8393b01afe, type: 3}
  m_Type: 0
  m_PreserveAspect: 1
  m_FillCenter: 1
  m_FillMethod: 4
  m_FillAmount: 1
  m_FillClockwise: 1
  m_FillOrigin: 0
--- !u!222 &781679053
CanvasRenderer:
  m_ObjectHideFlags: 0
  m_PrefabParentObject: {fileID: 22200012, guid: f5253d73e468c7a418eb1ec0e99fc4c2,
    type: 2}
  m_PrefabInternal: {fileID: 0}
  m_GameObject: {fileID: 781679050}
  m_HideIfInvisible: 0
--- !u!1 &1029533804
GameObject:
  m_ObjectHideFlags: 0
  m_PrefabParentObject: {fileID: 100016, guid: f5253d73e468c7a418eb1ec0e99fc4c2, type: 2}
  m_PrefabInternal: {fileID: 0}
  serializedVersion: 4
  m_Component:
  - 224: {fileID: 1029533805}
  - 222: {fileID: 1029533807}
  - 114: {fileID: 1029533806}
  m_Layer: 5
  m_Name: Image
  m_TagString: Untagged
  m_Icon: {fileID: 0}
  m_NavMeshLayer: 0
  m_StaticEditorFlags: 0
  m_IsActive: 1
--- !u!224 &1029533805
RectTransform:
  m_ObjectHideFlags: 0
  m_PrefabParentObject: {fileID: 22400016, guid: f5253d73e468c7a418eb1ec0e99fc4c2,
    type: 2}
  m_PrefabInternal: {fileID: 0}
  m_GameObject: {fileID: 1029533804}
  m_LocalRotation: {x: 0, y: 0, z: 0, w: 1}
  m_LocalPosition: {x: 0, y: 0, z: 0}
  m_LocalScale: {x: 1, y: 1, z: 1}
  m_Children: []
  m_Father: {fileID: 1277796444}
  m_RootOrder: 3
  m_AnchorMin: {x: .5, y: .152160868}
  m_AnchorMax: {x: .713274062, y: .587293565}
  m_AnchoredPosition: {x: -4.41074371e-06, y: 9.73045826e-06}
  m_SizeDelta: {x: -1.90729997e-06, y: -2.09810005e-05}
  m_Pivot: {x: .5, y: .5}
--- !u!114 &1029533806
MonoBehaviour:
  m_ObjectHideFlags: 0
  m_PrefabParentObject: {fileID: 11400024, guid: f5253d73e468c7a418eb1ec0e99fc4c2,
    type: 2}
  m_PrefabInternal: {fileID: 0}
  m_GameObject: {fileID: 1029533804}
  m_Enabled: 1
  m_EditorHideFlags: 0
  m_Script: {fileID: -765806418, guid: f5f67c52d1564df4a8936ccd202a3bd8, type: 3}
  m_Name: 
  m_EditorClassIdentifier: 
  m_Material: {fileID: 0}
  m_Color: {r: 1, g: 1, b: 1, a: 1}
  m_Sprite: {fileID: 21300000, guid: 4d01da078a7b12a4bacea957152c2a2b, type: 3}
  m_Type: 0
  m_PreserveAspect: 1
  m_FillCenter: 1
  m_FillMethod: 4
  m_FillAmount: 1
  m_FillClockwise: 1
  m_FillOrigin: 0
--- !u!222 &1029533807
CanvasRenderer:
  m_ObjectHideFlags: 0
  m_PrefabParentObject: {fileID: 22200014, guid: f5253d73e468c7a418eb1ec0e99fc4c2,
    type: 2}
  m_PrefabInternal: {fileID: 0}
  m_GameObject: {fileID: 1029533804}
  m_HideIfInvisible: 0
--- !u!1001 &1038632914
Prefab:
  m_ObjectHideFlags: 0
  serializedVersion: 2
  m_Modification:
    m_TransformParent: {fileID: 0}
    m_Modifications:
    - target: {fileID: 400000, guid: 0867ded6bf3f70544949eb4de185fd0e, type: 2}
      propertyPath: m_LocalPosition.x
      value: 3.34568691
      objectReference: {fileID: 0}
    - target: {fileID: 400000, guid: 0867ded6bf3f70544949eb4de185fd0e, type: 2}
      propertyPath: m_LocalPosition.y
      value: 0
      objectReference: {fileID: 0}
    - target: {fileID: 400000, guid: 0867ded6bf3f70544949eb4de185fd0e, type: 2}
      propertyPath: m_LocalPosition.z
      value: 0
      objectReference: {fileID: 0}
    - target: {fileID: 400000, guid: 0867ded6bf3f70544949eb4de185fd0e, type: 2}
      propertyPath: m_LocalRotation.x
      value: 0
      objectReference: {fileID: 0}
    - target: {fileID: 400000, guid: 0867ded6bf3f70544949eb4de185fd0e, type: 2}
      propertyPath: m_LocalRotation.y
      value: 0
      objectReference: {fileID: 0}
    - target: {fileID: 400000, guid: 0867ded6bf3f70544949eb4de185fd0e, type: 2}
      propertyPath: m_LocalRotation.z
      value: 0
      objectReference: {fileID: 0}
    - target: {fileID: 400000, guid: 0867ded6bf3f70544949eb4de185fd0e, type: 2}
      propertyPath: m_LocalRotation.w
      value: 1
      objectReference: {fileID: 0}
    - target: {fileID: 400000, guid: 0867ded6bf3f70544949eb4de185fd0e, type: 2}
      propertyPath: m_RootOrder
      value: 0
      objectReference: {fileID: 0}
    - target: {fileID: 11400002, guid: 0867ded6bf3f70544949eb4de185fd0e, type: 2}
      propertyPath: m_Enabled
      value: 0
      objectReference: {fileID: 0}
    m_RemovedComponents: []
  m_ParentPrefab: {fileID: 100100000, guid: 0867ded6bf3f70544949eb4de185fd0e, type: 2}
  m_RootGameObject: {fileID: 1750329800}
  m_IsPrefabParent: 0
  m_IsExploded: 1
--- !u!1 &1126013987
GameObject:
  m_ObjectHideFlags: 0
  m_PrefabParentObject: {fileID: 100018, guid: f5253d73e468c7a418eb1ec0e99fc4c2, type: 2}
  m_PrefabInternal: {fileID: 0}
  serializedVersion: 4
  m_Component:
  - 224: {fileID: 1126013988}
  - 222: {fileID: 1126013991}
  - 114: {fileID: 1126013990}
  - 114: {fileID: 1126013989}
  m_Layer: 5
  m_Name: stamina
  m_TagString: Untagged
  m_Icon: {fileID: 0}
  m_NavMeshLayer: 0
  m_StaticEditorFlags: 0
  m_IsActive: 1
--- !u!224 &1126013988
RectTransform:
  m_ObjectHideFlags: 0
  m_PrefabParentObject: {fileID: 22400018, guid: f5253d73e468c7a418eb1ec0e99fc4c2,
    type: 2}
  m_PrefabInternal: {fileID: 0}
  m_GameObject: {fileID: 1126013987}
  m_LocalRotation: {x: 0, y: 0, z: 0, w: 1}
  m_LocalPosition: {x: 0, y: 0, z: 0}
  m_LocalScale: {x: 1, y: 1, z: 1}
  m_Children: []
  m_Father: {fileID: 430519168}
  m_RootOrder: 0
  m_AnchorMin: {x: 0, y: 0}
  m_AnchorMax: {x: 1, y: .930392981}
  m_AnchoredPosition: {x: 6.43543899e-07, y: .5}
  m_SizeDelta: {x: 0, y: 1}
  m_Pivot: {x: .5, y: .5}
--- !u!114 &1126013989
MonoBehaviour:
  m_ObjectHideFlags: 0
  m_PrefabParentObject: {fileID: 11400026, guid: f5253d73e468c7a418eb1ec0e99fc4c2,
    type: 2}
  m_PrefabInternal: {fileID: 0}
  m_GameObject: {fileID: 1126013987}
  m_Enabled: 1
  m_EditorHideFlags: 0
  m_Script: {fileID: 11500000, guid: 4b28031b5f2e2964db1a009e312b170a, type: 3}
  m_Name: 
  m_EditorClassIdentifier: 
--- !u!114 &1126013990
MonoBehaviour:
  m_ObjectHideFlags: 0
  m_PrefabParentObject: {fileID: 11400028, guid: f5253d73e468c7a418eb1ec0e99fc4c2,
    type: 2}
  m_PrefabInternal: {fileID: 0}
  m_GameObject: {fileID: 1126013987}
  m_Enabled: 1
  m_EditorHideFlags: 0
  m_Script: {fileID: -765806418, guid: f5f67c52d1564df4a8936ccd202a3bd8, type: 3}
  m_Name: 
  m_EditorClassIdentifier: 
  m_Material: {fileID: 0}
  m_Color: {r: 1, g: .917647064, b: .0156862754, a: 1}
  m_Sprite: {fileID: 10907, guid: 0000000000000000f000000000000000, type: 0}
  m_Type: 1
  m_PreserveAspect: 0
  m_FillCenter: 1
  m_FillMethod: 4
  m_FillAmount: 1
  m_FillClockwise: 1
  m_FillOrigin: 0
--- !u!222 &1126013991
CanvasRenderer:
  m_ObjectHideFlags: 0
  m_PrefabParentObject: {fileID: 22200016, guid: f5253d73e468c7a418eb1ec0e99fc4c2,
    type: 2}
  m_PrefabInternal: {fileID: 0}
  m_GameObject: {fileID: 1126013987}
  m_HideIfInvisible: 0
--- !u!1 &1141875239
GameObject:
  m_ObjectHideFlags: 0
  m_PrefabParentObject: {fileID: 100020, guid: f5253d73e468c7a418eb1ec0e99fc4c2, type: 2}
  m_PrefabInternal: {fileID: 0}
  serializedVersion: 4
  m_Component:
  - 224: {fileID: 1141875240}
  - 222: {fileID: 1141875242}
  - 114: {fileID: 1141875241}
  m_Layer: 5
  m_Name: Image
  m_TagString: Untagged
  m_Icon: {fileID: 0}
  m_NavMeshLayer: 0
  m_StaticEditorFlags: 0
  m_IsActive: 1
--- !u!224 &1141875240
RectTransform:
  m_ObjectHideFlags: 0
  m_PrefabParentObject: {fileID: 22400020, guid: f5253d73e468c7a418eb1ec0e99fc4c2,
    type: 2}
  m_PrefabInternal: {fileID: 0}
  m_GameObject: {fileID: 1141875239}
  m_LocalRotation: {x: 0, y: 0, z: 0, w: 1}
  m_LocalPosition: {x: 0, y: 0, z: 0}
  m_LocalScale: {x: 1, y: 1, z: 1}
  m_Children: []
  m_Father: {fileID: 34660355}
  m_RootOrder: 0
  m_AnchorMin: {x: 0, y: 0}
  m_AnchorMax: {x: .29284662, y: .735000014}
  m_AnchoredPosition: {x: -.286105663, y: -.185137868}
  m_SizeDelta: {x: -.572211325, y: -.370281458}
  m_Pivot: {x: .5, y: .5}
--- !u!114 &1141875241
MonoBehaviour:
  m_ObjectHideFlags: 0
  m_PrefabParentObject: {fileID: 11400030, guid: f5253d73e468c7a418eb1ec0e99fc4c2,
    type: 2}
  m_PrefabInternal: {fileID: 0}
  m_GameObject: {fileID: 1141875239}
  m_Enabled: 1
  m_EditorHideFlags: 0
  m_Script: {fileID: -765806418, guid: f5f67c52d1564df4a8936ccd202a3bd8, type: 3}
  m_Name: 
  m_EditorClassIdentifier: 
  m_Material: {fileID: 0}
  m_Color: {r: 1, g: 1, b: 1, a: 1}
  m_Sprite: {fileID: 21300000, guid: 2335ee0666217594a993161ce4ba6160, type: 3}
  m_Type: 0
  m_PreserveAspect: 0
  m_FillCenter: 1
  m_FillMethod: 4
  m_FillAmount: 1
  m_FillClockwise: 1
  m_FillOrigin: 0
--- !u!222 &1141875242
CanvasRenderer:
  m_ObjectHideFlags: 0
  m_PrefabParentObject: {fileID: 22200018, guid: f5253d73e468c7a418eb1ec0e99fc4c2,
    type: 2}
  m_PrefabInternal: {fileID: 0}
  m_GameObject: {fileID: 1141875239}
  m_HideIfInvisible: 0
--- !u!1 &1264038584
GameObject:
  m_ObjectHideFlags: 0
  m_PrefabParentObject: {fileID: 0}
  m_PrefabInternal: {fileID: 0}
  serializedVersion: 4
  m_Component:
  - 4: {fileID: 1264038588}
  - 33: {fileID: 1264038587}
  - 65: {fileID: 1264038586}
  - 23: {fileID: 1264038585}
  m_Layer: 0
  m_Name: Cube
  m_TagString: coin
  m_Icon: {fileID: 0}
  m_NavMeshLayer: 0
  m_StaticEditorFlags: 0
  m_IsActive: 1
--- !u!23 &1264038585
Renderer:
  m_ObjectHideFlags: 0
  m_PrefabParentObject: {fileID: 0}
  m_PrefabInternal: {fileID: 0}
  m_GameObject: {fileID: 1264038584}
  m_Enabled: 1
  m_CastShadows: 1
  m_ReceiveShadows: 1
  m_LightmapIndex: 255
  m_LightmapTilingOffset: {x: 1, y: 1, z: 0, w: 0}
  m_Materials:
  - {fileID: 10302, guid: 0000000000000000f000000000000000, type: 0}
  m_SubsetIndices: 
  m_StaticBatchRoot: {fileID: 0}
  m_UseLightProbes: 0
  m_LightProbeAnchor: {fileID: 0}
  m_ScaleInLightmap: 1
  m_SortingLayerID: 0
  m_SortingOrder: 0
--- !u!65 &1264038586
BoxCollider:
  m_ObjectHideFlags: 0
  m_PrefabParentObject: {fileID: 0}
  m_PrefabInternal: {fileID: 0}
  m_GameObject: {fileID: 1264038584}
  m_Material: {fileID: 0}
  m_IsTrigger: 0
  m_Enabled: 1
  serializedVersion: 2
  m_Size: {x: 1, y: 1, z: 1}
  m_Center: {x: 0, y: 0, z: 0}
--- !u!33 &1264038587
MeshFilter:
  m_ObjectHideFlags: 0
  m_PrefabParentObject: {fileID: 0}
  m_PrefabInternal: {fileID: 0}
  m_GameObject: {fileID: 1264038584}
  m_Mesh: {fileID: 10202, guid: 0000000000000000e000000000000000, type: 0}
--- !u!4 &1264038588
Transform:
  m_ObjectHideFlags: 0
  m_PrefabParentObject: {fileID: 0}
  m_PrefabInternal: {fileID: 0}
  m_GameObject: {fileID: 1264038584}
  m_LocalRotation: {x: 0, y: 0, z: 0, w: 1}
  m_LocalPosition: {x: -3.46484303, y: 0, z: 0}
  m_LocalScale: {x: 1, y: 1, z: 1}
  m_Children: []
  m_Father: {fileID: 0}
  m_RootOrder: 3
--- !u!1 &1277796443
GameObject:
  m_ObjectHideFlags: 0
  m_PrefabParentObject: {fileID: 100022, guid: f5253d73e468c7a418eb1ec0e99fc4c2, type: 2}
  m_PrefabInternal: {fileID: 0}
  serializedVersion: 4
  m_Component:
  - 224: {fileID: 1277796444}
  - 222: {fileID: 1277796446}
  - 114: {fileID: 1277796445}
  - 114: {fileID: 1277796447}
  m_Layer: 5
  m_Name: Panel
  m_TagString: Untagged
  m_Icon: {fileID: 0}
  m_NavMeshLayer: 0
  m_StaticEditorFlags: 0
  m_IsActive: 1
--- !u!224 &1277796444
RectTransform:
  m_ObjectHideFlags: 0
  m_PrefabParentObject: {fileID: 22400022, guid: f5253d73e468c7a418eb1ec0e99fc4c2,
    type: 2}
  m_PrefabInternal: {fileID: 0}
  m_GameObject: {fileID: 1277796443}
  m_LocalRotation: {x: 0, y: 0, z: 0, w: 1}
  m_LocalPosition: {x: 0, y: 0, z: 0}
  m_LocalScale: {x: 1, y: 1, z: 1}
  m_Children:
  - {fileID: 1647499735}
  - {fileID: 1824641918}
  - {fileID: 1729111340}
  - {fileID: 1029533805}
  - {fileID: 1482929029}
  - {fileID: 430519168}
  m_Father: {fileID: 409605892}
  m_RootOrder: 1
  m_AnchorMin: {x: .747543633, y: 0}
  m_AnchorMax: {x: 1, y: .254747599}
  m_AnchoredPosition: {x: .0674591064, y: 7.62939453e-06}
  m_SizeDelta: {x: .135010004, y: 0}
  m_Pivot: {x: .5, y: .5}
--- !u!114 &1277796445
MonoBehaviour:
  m_ObjectHideFlags: 0
  m_PrefabParentObject: {fileID: 11400032, guid: f5253d73e468c7a418eb1ec0e99fc4c2,
    type: 2}
  m_PrefabInternal: {fileID: 0}
  m_GameObject: {fileID: 1277796443}
  m_Enabled: 1
  m_EditorHideFlags: 0
  m_Script: {fileID: -765806418, guid: f5f67c52d1564df4a8936ccd202a3bd8, type: 3}
  m_Name: 
  m_EditorClassIdentifier: 
  m_Material: {fileID: 0}
  m_Color: {r: 1, g: 1, b: 1, a: .39199999}
  m_Sprite: {fileID: 10907, guid: 0000000000000000f000000000000000, type: 0}
  m_Type: 1
  m_PreserveAspect: 0
  m_FillCenter: 1
  m_FillMethod: 4
  m_FillAmount: 1
  m_FillClockwise: 1
  m_FillOrigin: 0
--- !u!222 &1277796446
CanvasRenderer:
  m_ObjectHideFlags: 0
  m_PrefabParentObject: {fileID: 22200020, guid: f5253d73e468c7a418eb1ec0e99fc4c2,
    type: 2}
  m_PrefabInternal: {fileID: 0}
  m_GameObject: {fileID: 1277796443}
  m_HideIfInvisible: 0
--- !u!114 &1277796447
MonoBehaviour:
  m_ObjectHideFlags: 0
  m_PrefabParentObject: {fileID: 11400034, guid: f5253d73e468c7a418eb1ec0e99fc4c2,
    type: 2}
  m_PrefabInternal: {fileID: 0}
  m_GameObject: {fileID: 1277796443}
  m_Enabled: 1
  m_EditorHideFlags: 0
  m_Script: {fileID: 1573420865, guid: f5f67c52d1564df4a8936ccd202a3bd8, type: 3}
  m_Name: 
  m_EditorClassIdentifier: 
  m_EffectColor: {r: 0, g: 0, b: 0, a: .5}
  m_EffectDistance: {x: 1, y: -1}
  m_UseGraphicAlpha: 1
--- !u!1 &1482929028
GameObject:
  m_ObjectHideFlags: 0
  m_PrefabParentObject: {fileID: 100026, guid: f5253d73e468c7a418eb1ec0e99fc4c2, type: 2}
  m_PrefabInternal: {fileID: 0}
  serializedVersion: 4
  m_Component:
  - 224: {fileID: 1482929029}
  - 222: {fileID: 1482929032}
  - 114: {fileID: 1482929031}
  - 114: {fileID: 1482929030}
  m_Layer: 5
  m_Name: P2
  m_TagString: Untagged
  m_Icon: {fileID: 0}
  m_NavMeshLayer: 0
  m_StaticEditorFlags: 0
  m_IsActive: 1
--- !u!224 &1482929029
RectTransform:
  m_ObjectHideFlags: 0
  m_PrefabParentObject: {fileID: 22400026, guid: f5253d73e468c7a418eb1ec0e99fc4c2,
    type: 2}
  m_PrefabInternal: {fileID: 0}
  m_GameObject: {fileID: 1482929028}
  m_LocalRotation: {x: 0, y: 0, z: 0, w: 1}
  m_LocalPosition: {x: 0, y: 0, z: 0}
  m_LocalScale: {x: 1, y: 1, z: 1}
  m_Children: []
  m_Father: {fileID: 1277796444}
  m_RootOrder: 4
  m_AnchorMin: {x: .297675163, y: .232633099}
  m_AnchorMax: {x: .408300191, y: .5}
  m_AnchoredPosition: {x: 9.1791153e-06, y: .19998014}
  m_SizeDelta: {x: -2.57489992e-05, y: -.399980009}
  m_Pivot: {x: .5, y: .5}
--- !u!114 &1482929030
MonoBehaviour:
  m_ObjectHideFlags: 0
  m_PrefabParentObject: {fileID: 11400038, guid: f5253d73e468c7a418eb1ec0e99fc4c2,
    type: 2}
  m_PrefabInternal: {fileID: 0}
  m_GameObject: {fileID: 1482929028}
  m_Enabled: 1
  m_EditorHideFlags: 0
  m_Script: {fileID: 11500000, guid: 71229ddf7f1204447b87ab8255dde34b, type: 3}
  m_Name: 
  m_EditorClassIdentifier: 
--- !u!114 &1482929031
MonoBehaviour:
  m_ObjectHideFlags: 0
  m_PrefabParentObject: {fileID: 11400040, guid: f5253d73e468c7a418eb1ec0e99fc4c2,
    type: 2}
  m_PrefabInternal: {fileID: 0}
  m_GameObject: {fileID: 1482929028}
  m_Enabled: 1
  m_EditorHideFlags: 0
  m_Script: {fileID: 708705254, guid: f5f67c52d1564df4a8936ccd202a3bd8, type: 3}
  m_Name: 
  m_EditorClassIdentifier: 
  m_Material: {fileID: 0}
  m_Color: {r: .1953125, g: .1953125, b: .1953125, a: 1}
  m_FontData:
    m_Font: {fileID: 10102, guid: 0000000000000000e000000000000000, type: 0}
    m_FontSize: 14
    m_FontStyle: 0
    m_BestFit: 0
    m_MinSize: 10
    m_MaxSize: 40
    m_Alignment: 0
    m_RichText: 1
    m_HorizontalOverflow: 0
    m_VerticalOverflow: 0
    m_LineSpacing: 1
  m_Text: New Text
--- !u!222 &1482929032
CanvasRenderer:
  m_ObjectHideFlags: 0
  m_PrefabParentObject: {fileID: 22200024, guid: f5253d73e468c7a418eb1ec0e99fc4c2,
    type: 2}
  m_PrefabInternal: {fileID: 0}
  m_GameObject: {fileID: 1482929028}
  m_HideIfInvisible: 0
--- !u!1 &1550131583
GameObject:
  m_ObjectHideFlags: 0
  m_PrefabParentObject: {fileID: 100000, guid: 3eb27606e0121ad459c04c2e2d03bc1b, type: 2}
  m_PrefabInternal: {fileID: 1760773456}
  serializedVersion: 4
  m_Component:
  - 4: {fileID: 1550131588}
  - 33: {fileID: 1550131587}
  - 65: {fileID: 1550131586}
  - 23: {fileID: 1550131585}
  - 114: {fileID: 1550131584}
  - 54: {fileID: 1550131589}
  m_Layer: 0
  m_Name: Player 1
  m_TagString: player1
  m_Icon: {fileID: 0}
  m_NavMeshLayer: 0
  m_StaticEditorFlags: 0
  m_IsActive: 1
--- !u!114 &1550131584
MonoBehaviour:
  m_ObjectHideFlags: 0
  m_PrefabParentObject: {fileID: 11400000, guid: 3eb27606e0121ad459c04c2e2d03bc1b,
    type: 2}
  m_PrefabInternal: {fileID: 1760773456}
  m_GameObject: {fileID: 1550131583}
  m_Enabled: 1
  m_EditorHideFlags: 0
  m_Script: {fileID: 11500000, guid: 4fb28b3841f539849b911e5dd8302bce, type: 3}
  m_Name: 
  m_EditorClassIdentifier: 
  MoveX: 0
  MoveY: 0
  Joystick: joystick 1
  playerID: 1
  canIMove: 1
  CanMovePosX: 1
  CanMoveNegX: 1
  CanMovePosY: 1
  CanMoveNegY: 1
  stamina: 100
  coin: 0
  look: 0
  attackButt: 0
  enemies: []
  attackRange: 1.5
  damege: 1
  X: 
  stu: 0
  regainStamina: 0
  pushButt: 0
  pushRange: 1.5
  pushLength: 10
  otherPlayer: {fileID: 0}
  pushed: 0
  pushedTime: 0
  pushedEndTime: .200000003
--- !u!23 &1550131585
Renderer:
  m_ObjectHideFlags: 0
  m_PrefabParentObject: {fileID: 2300000, guid: 3eb27606e0121ad459c04c2e2d03bc1b,
    type: 2}
  m_PrefabInternal: {fileID: 1760773456}
  m_GameObject: {fileID: 1550131583}
  m_Enabled: 1
  m_CastShadows: 1
  m_ReceiveShadows: 1
  m_LightmapIndex: 255
  m_LightmapTilingOffset: {x: 1, y: 1, z: 0, w: 0}
  m_Materials:
  - {fileID: 10302, guid: 0000000000000000f000000000000000, type: 0}
  m_SubsetIndices: 
  m_StaticBatchRoot: {fileID: 0}
  m_UseLightProbes: 0
  m_LightProbeAnchor: {fileID: 0}
  m_ScaleInLightmap: 1
  m_SortingLayerID: 0
  m_SortingOrder: 0
--- !u!65 &1550131586
BoxCollider:
  m_ObjectHideFlags: 0
  m_PrefabParentObject: {fileID: 6500000, guid: 3eb27606e0121ad459c04c2e2d03bc1b,
    type: 2}
  m_PrefabInternal: {fileID: 1760773456}
  m_GameObject: {fileID: 1550131583}
  m_Material: {fileID: 0}
  m_IsTrigger: 1
  m_Enabled: 1
  serializedVersion: 2
  m_Size: {x: 1, y: 1, z: 1}
  m_Center: {x: 0, y: 0, z: 0}
--- !u!33 &1550131587
MeshFilter:
  m_ObjectHideFlags: 0
  m_PrefabParentObject: {fileID: 3300000, guid: 3eb27606e0121ad459c04c2e2d03bc1b,
    type: 2}
  m_PrefabInternal: {fileID: 1760773456}
  m_GameObject: {fileID: 1550131583}
  m_Mesh: {fileID: 10202, guid: 0000000000000000e000000000000000, type: 0}
--- !u!4 &1550131588
Transform:
  m_ObjectHideFlags: 0
  m_PrefabParentObject: {fileID: 400000, guid: 3eb27606e0121ad459c04c2e2d03bc1b, type: 2}
  m_PrefabInternal: {fileID: 1760773456}
  m_GameObject: {fileID: 1550131583}
  m_LocalRotation: {x: 0, y: 0, z: 0, w: 1}
  m_LocalPosition: {x: 0, y: 0, z: 0}
  m_LocalScale: {x: 1, y: 1, z: 1}
  m_Children: []
  m_Father: {fileID: 0}
  m_RootOrder: 2
--- !u!54 &1550131589
Rigidbody:
  m_ObjectHideFlags: 0
  m_PrefabParentObject: {fileID: 5400000, guid: 3eb27606e0121ad459c04c2e2d03bc1b,
    type: 2}
  m_PrefabInternal: {fileID: 1760773456}
  m_GameObject: {fileID: 1550131583}
  serializedVersion: 2
  m_Mass: 1
  m_Drag: 0
  m_AngularDrag: .0500000007
  m_UseGravity: 0
  m_IsKinematic: 1
  m_Interpolate: 0
  m_Constraints: 0
  m_CollisionDetection: 0
--- !u!1 &1647499734
GameObject:
  m_ObjectHideFlags: 0
  m_PrefabParentObject: {fileID: 100028, guid: f5253d73e468c7a418eb1ec0e99fc4c2, type: 2}
  m_PrefabInternal: {fileID: 0}
  serializedVersion: 4
  m_Component:
  - 224: {fileID: 1647499735}
  - 222: {fileID: 1647499737}
  - 114: {fileID: 1647499736}
  m_Layer: 5
  m_Name: Image
  m_TagString: Untagged
  m_Icon: {fileID: 0}
  m_NavMeshLayer: 0
  m_StaticEditorFlags: 0
  m_IsActive: 1
--- !u!224 &1647499735
RectTransform:
  m_ObjectHideFlags: 0
  m_PrefabParentObject: {fileID: 22400028, guid: f5253d73e468c7a418eb1ec0e99fc4c2,
    type: 2}
  m_PrefabInternal: {fileID: 0}
  m_GameObject: {fileID: 1647499734}
  m_LocalRotation: {x: 0, y: 0, z: 0, w: 1}
  m_LocalPosition: {x: 0, y: 0, z: 0}
  m_LocalScale: {x: 1, y: 1, z: 1}
  m_Children: []
  m_Father: {fileID: 1277796444}
  m_RootOrder: 0
  m_AnchorMin: {x: .725531936, y: 0}
  m_AnchorMax: {x: 1, y: .743756056}
  m_AnchoredPosition: {x: .27230072, y: -.461218089}
  m_SizeDelta: {x: .544617653, y: -.922446311}
  m_Pivot: {x: .5, y: .5}
--- !u!114 &1647499736
MonoBehaviour:
  m_ObjectHideFlags: 0
  m_PrefabParentObject: {fileID: 11400042, guid: f5253d73e468c7a418eb1ec0e99fc4c2,
    type: 2}
  m_PrefabInternal: {fileID: 0}
  m_GameObject: {fileID: 1647499734}
  m_Enabled: 1
  m_EditorHideFlags: 0
  m_Script: {fileID: -765806418, guid: f5f67c52d1564df4a8936ccd202a3bd8, type: 3}
  m_Name: 
  m_EditorClassIdentifier: 
  m_Material: {fileID: 0}
  m_Color: {r: 1, g: 1, b: 1, a: 1}
  m_Sprite: {fileID: 21300000, guid: 8ee40969e4b60f047a57a27ba314edd1, type: 3}
  m_Type: 0
  m_PreserveAspect: 0
  m_FillCenter: 1
  m_FillMethod: 4
  m_FillAmount: 1
  m_FillClockwise: 1
  m_FillOrigin: 0
--- !u!222 &1647499737
CanvasRenderer:
  m_ObjectHideFlags: 0
  m_PrefabParentObject: {fileID: 22200026, guid: f5253d73e468c7a418eb1ec0e99fc4c2,
    type: 2}
  m_PrefabInternal: {fileID: 0}
  m_GameObject: {fileID: 1647499734}
  m_HideIfInvisible: 0
--- !u!1 &1729111339
GameObject:
  m_ObjectHideFlags: 0
  m_PrefabParentObject: {fileID: 100030, guid: f5253d73e468c7a418eb1ec0e99fc4c2, type: 2}
  m_PrefabInternal: {fileID: 0}
  serializedVersion: 4
  m_Component:
  - 224: {fileID: 1729111340}
  - 222: {fileID: 1729111342}
  - 114: {fileID: 1729111341}
  m_Layer: 5
  m_Name: Image
  m_TagString: Untagged
  m_Icon: {fileID: 0}
  m_NavMeshLayer: 0
  m_StaticEditorFlags: 0
  m_IsActive: 1
--- !u!224 &1729111340
RectTransform:
  m_ObjectHideFlags: 0
  m_PrefabParentObject: {fileID: 22400030, guid: f5253d73e468c7a418eb1ec0e99fc4c2,
    type: 2}
  m_PrefabInternal: {fileID: 0}
  m_GameObject: {fileID: 1729111339}
  m_LocalRotation: {x: 0, y: 0, z: 0, w: 1}
  m_LocalPosition: {x: 0, y: 0, z: 0}
  m_LocalScale: {x: 1, y: 1, z: 1}
  m_Children: []
  m_Father: {fileID: 1277796444}
  m_RootOrder: 2
  m_AnchorMin: {x: .0786040574, y: .152160868}
  m_AnchorMax: {x: .297675163, y: .587293565}
  m_AnchoredPosition: {x: 7.62939453e-06, y: 7.82310963e-06}
  m_SizeDelta: {x: 1.90730007e-05, y: -2.09810005e-05}
  m_Pivot: {x: .5, y: .5}
--- !u!114 &1729111341
MonoBehaviour:
  m_ObjectHideFlags: 0
  m_PrefabParentObject: {fileID: 11400044, guid: f5253d73e468c7a418eb1ec0e99fc4c2,
    type: 2}
  m_PrefabInternal: {fileID: 0}
  m_GameObject: {fileID: 1729111339}
  m_Enabled: 1
  m_EditorHideFlags: 0
  m_Script: {fileID: -765806418, guid: f5f67c52d1564df4a8936ccd202a3bd8, type: 3}
  m_Name: 
  m_EditorClassIdentifier: 
  m_Material: {fileID: 0}
  m_Color: {r: 1, g: 1, b: 1, a: 1}
  m_Sprite: {fileID: 21300000, guid: f51e9dabf59bcc4428500a8393b01afe, type: 3}
  m_Type: 0
  m_PreserveAspect: 1
  m_FillCenter: 1
  m_FillMethod: 4
  m_FillAmount: 1
  m_FillClockwise: 1
  m_FillOrigin: 0
--- !u!222 &1729111342
CanvasRenderer:
  m_ObjectHideFlags: 0
  m_PrefabParentObject: {fileID: 22200028, guid: f5253d73e468c7a418eb1ec0e99fc4c2,
    type: 2}
  m_PrefabInternal: {fileID: 0}
  m_GameObject: {fileID: 1729111339}
  m_HideIfInvisible: 0
--- !u!1 &1750329800
GameObject:
  m_ObjectHideFlags: 0
  m_PrefabParentObject: {fileID: 100000, guid: 0867ded6bf3f70544949eb4de185fd0e, type: 2}
  m_PrefabInternal: {fileID: 1038632914}
  serializedVersion: 4
  m_Component:
  - 4: {fileID: 1750329805}
  - 33: {fileID: 1750329804}
  - 65: {fileID: 1750329803}
  - 23: {fileID: 1750329802}
  - 54: {fileID: 1750329806}
  - 114: {fileID: 1750329801}
  - 114: {fileID: 1750329807}
  m_Layer: 0
  m_Name: Player 2
  m_TagString: player2
  m_Icon: {fileID: 0}
  m_NavMeshLayer: 0
  m_StaticEditorFlags: 0
  m_IsActive: 1
--- !u!114 &1750329801
MonoBehaviour:
  m_ObjectHideFlags: 0
  m_PrefabParentObject: {fileID: 11400002, guid: 0867ded6bf3f70544949eb4de185fd0e,
    type: 2}
  m_PrefabInternal: {fileID: 1038632914}
  m_GameObject: {fileID: 1750329800}
  m_Enabled: 0
  m_EditorHideFlags: 0
  m_Script: {fileID: 11500000, guid: 4fb28b3841f539849b911e5dd8302bce, type: 3}
  m_Name: 
  m_EditorClassIdentifier: 
  MoveX: 0
  MoveY: 0
  Joystick: joystick 2
  playerID: 2
  canIMove: 1
  CanMovePosX: 1
  CanMoveNegX: 1
  CanMovePosY: 1
  CanMoveNegY: 1
  stamina: 100
  coin: 0
  look: 0
  attackButt: 0
  enemies: []
  attackRange: 1.5
  damege: 1
  X: 
  stu: 0
  regainStamina: 0
  pushButt: 0
  pushRange: 1.5
  pushLength: 10
  otherPlayer: {fileID: 0}
  pushed: 0
  pushedTime: 0
  pushedEndTime: .200000003
--- !u!23 &1750329802
Renderer:
  m_ObjectHideFlags: 0
  m_PrefabParentObject: {fileID: 2300000, guid: 0867ded6bf3f70544949eb4de185fd0e,
    type: 2}
  m_PrefabInternal: {fileID: 1038632914}
  m_GameObject: {fileID: 1750329800}
  m_Enabled: 1
  m_CastShadows: 1
  m_ReceiveShadows: 1
  m_LightmapIndex: 255
  m_LightmapTilingOffset: {x: 1, y: 1, z: 0, w: 0}
  m_Materials:
  - {fileID: 10302, guid: 0000000000000000f000000000000000, type: 0}
  m_SubsetIndices: 
  m_StaticBatchRoot: {fileID: 0}
  m_UseLightProbes: 0
  m_LightProbeAnchor: {fileID: 0}
  m_ScaleInLightmap: 1
  m_SortingLayerID: 0
  m_SortingOrder: 0
--- !u!65 &1750329803
BoxCollider:
  m_ObjectHideFlags: 0
  m_PrefabParentObject: {fileID: 6500000, guid: 0867ded6bf3f70544949eb4de185fd0e,
    type: 2}
  m_PrefabInternal: {fileID: 1038632914}
  m_GameObject: {fileID: 1750329800}
  m_Material: {fileID: 0}
  m_IsTrigger: 0
  m_Enabled: 1
  serializedVersion: 2
  m_Size: {x: 1, y: 1, z: 1}
  m_Center: {x: 0, y: 0, z: 0}
--- !u!33 &1750329804
MeshFilter:
  m_ObjectHideFlags: 0
  m_PrefabParentObject: {fileID: 3300000, guid: 0867ded6bf3f70544949eb4de185fd0e,
    type: 2}
  m_PrefabInternal: {fileID: 1038632914}
  m_GameObject: {fileID: 1750329800}
  m_Mesh: {fileID: 10202, guid: 0000000000000000e000000000000000, type: 0}
--- !u!4 &1750329805
Transform:
  m_ObjectHideFlags: 0
  m_PrefabParentObject: {fileID: 400000, guid: 0867ded6bf3f70544949eb4de185fd0e, type: 2}
  m_PrefabInternal: {fileID: 1038632914}
  m_GameObject: {fileID: 1750329800}
  m_LocalRotation: {x: 0, y: 0, z: 0, w: 1}
  m_LocalPosition: {x: 3.34568691, y: 0, z: 0}
  m_LocalScale: {x: 1, y: 1, z: 1}
  m_Children: []
  m_Father: {fileID: 0}
  m_RootOrder: 0
--- !u!54 &1750329806
Rigidbody:
  m_ObjectHideFlags: 0
  m_PrefabParentObject: {fileID: 5400000, guid: 0867ded6bf3f70544949eb4de185fd0e,
    type: 2}
  m_PrefabInternal: {fileID: 1038632914}
  m_GameObject: {fileID: 1750329800}
  serializedVersion: 2
  m_Mass: 1
  m_Drag: 0
  m_AngularDrag: .0500000007
  m_UseGravity: 0
  m_IsKinematic: 1
  m_Interpolate: 0
  m_Constraints: 0
  m_CollisionDetection: 0
--- !u!114 &1750329807
MonoBehaviour:
  m_ObjectHideFlags: 0
  m_PrefabParentObject: {fileID: 0}
  m_PrefabInternal: {fileID: 0}
  m_GameObject: {fileID: 1750329800}
  m_Enabled: 1
  m_EditorHideFlags: 0
  m_Script: {fileID: 11500000, guid: d1371e0f47e27fe43bd55df20274438a, type: 3}
  m_Name: 
  m_EditorClassIdentifier: 
  MoveX: 0
  MoveY: 0
  Joystick: Joystick 2
  FreeMove: 1
  CanMovePosX: 1
  CanMoveNegX: 1
  CanMovePosY: 1
  CanMoveNegY: 1
  stamina: 100
  coin: 0
  look: 0
  stu: 0
--- !u!1001 &1760773456
Prefab:
  m_ObjectHideFlags: 0
  serializedVersion: 2
  m_Modification:
    m_TransformParent: {fileID: 0}
    m_Modifications:
    - target: {fileID: 400000, guid: 3eb27606e0121ad459c04c2e2d03bc1b, type: 2}
      propertyPath: m_LocalPosition.x
      value: 0
      objectReference: {fileID: 0}
    - target: {fileID: 400000, guid: 3eb27606e0121ad459c04c2e2d03bc1b, type: 2}
      propertyPath: m_LocalPosition.y
      value: 0
      objectReference: {fileID: 0}
    - target: {fileID: 400000, guid: 3eb27606e0121ad459c04c2e2d03bc1b, type: 2}
      propertyPath: m_LocalPosition.z
      value: 0
      objectReference: {fileID: 0}
    - target: {fileID: 400000, guid: 3eb27606e0121ad459c04c2e2d03bc1b, type: 2}
      propertyPath: m_LocalRotation.x
      value: 0
      objectReference: {fileID: 0}
    - target: {fileID: 400000, guid: 3eb27606e0121ad459c04c2e2d03bc1b, type: 2}
      propertyPath: m_LocalRotation.y
      value: 0
      objectReference: {fileID: 0}
    - target: {fileID: 400000, guid: 3eb27606e0121ad459c04c2e2d03bc1b, type: 2}
      propertyPath: m_LocalRotation.z
      value: 0
      objectReference: {fileID: 0}
    - target: {fileID: 400000, guid: 3eb27606e0121ad459c04c2e2d03bc1b, type: 2}
      propertyPath: m_LocalRotation.w
      value: 1
      objectReference: {fileID: 0}
    - target: {fileID: 400000, guid: 3eb27606e0121ad459c04c2e2d03bc1b, type: 2}
      propertyPath: m_RootOrder
      value: 2
      objectReference: {fileID: 0}
    m_RemovedComponents: []
  m_ParentPrefab: {fileID: 100100000, guid: 3eb27606e0121ad459c04c2e2d03bc1b, type: 2}
  m_RootGameObject: {fileID: 1550131583}
  m_IsPrefabParent: 0
  m_IsExploded: 1
--- !u!1 &1824641914
GameObject:
  m_ObjectHideFlags: 0
  m_PrefabParentObject: {fileID: 100032, guid: f5253d73e468c7a418eb1ec0e99fc4c2, type: 2}
  m_PrefabInternal: {fileID: 0}
  serializedVersion: 4
  m_Component:
  - 224: {fileID: 1824641918}
  - 222: {fileID: 1824641917}
  - 114: {fileID: 1824641916}
  - 114: {fileID: 1824641915}
  m_Layer: 5
  m_Name: P2
  m_TagString: Untagged
  m_Icon: {fileID: 0}
  m_NavMeshLayer: 0
  m_StaticEditorFlags: 0
  m_IsActive: 1
--- !u!114 &1824641915
MonoBehaviour:
  m_ObjectHideFlags: 0
  m_PrefabParentObject: {fileID: 11400046, guid: f5253d73e468c7a418eb1ec0e99fc4c2,
    type: 2}
  m_PrefabInternal: {fileID: 0}
  m_GameObject: {fileID: 1824641914}
  m_Enabled: 1
  m_EditorHideFlags: 0
  m_Script: {fileID: 11500000, guid: 361039f65ff1d4a4b821c33d037612bb, type: 3}
  m_Name: 
  m_EditorClassIdentifier: 
--- !u!114 &1824641916
MonoBehaviour:
  m_ObjectHideFlags: 0
  m_PrefabParentObject: {fileID: 11400048, guid: f5253d73e468c7a418eb1ec0e99fc4c2,
    type: 2}
  m_PrefabInternal: {fileID: 0}
  m_GameObject: {fileID: 1824641914}
  m_Enabled: 1
  m_EditorHideFlags: 0
  m_Script: {fileID: 708705254, guid: f5f67c52d1564df4a8936ccd202a3bd8, type: 3}
  m_Name: 
  m_EditorClassIdentifier: 
  m_Material: {fileID: 0}
  m_Color: {r: .1953125, g: .1953125, b: .1953125, a: 1}
  m_FontData:
    m_Font: {fileID: 10102, guid: 0000000000000000e000000000000000, type: 0}
    m_FontSize: 14
    m_FontStyle: 0
    m_BestFit: 0
    m_MinSize: 10
    m_MaxSize: 40
    m_Alignment: 0
    m_RichText: 1
    m_HorizontalOverflow: 0
    m_VerticalOverflow: 0
    m_LineSpacing: 1
  m_Text: New Text
--- !u!222 &1824641917
CanvasRenderer:
  m_ObjectHideFlags: 0
  m_PrefabParentObject: {fileID: 22200030, guid: f5253d73e468c7a418eb1ec0e99fc4c2,
    type: 2}
  m_PrefabInternal: {fileID: 0}
  m_GameObject: {fileID: 1824641914}
  m_HideIfInvisible: 0
--- !u!224 &1824641918
RectTransform:
  m_ObjectHideFlags: 0
  m_PrefabParentObject: {fileID: 22400032, guid: f5253d73e468c7a418eb1ec0e99fc4c2,
    type: 2}
  m_PrefabInternal: {fileID: 0}
  m_GameObject: {fileID: 1824641914}
  m_LocalRotation: {x: 0, y: 0, z: 0, w: 1}
  m_LocalPosition: {x: 0, y: 0, z: 0}
  m_LocalScale: {x: 1, y: 1, z: 1}
  m_Children: []
  m_Father: {fileID: 1277796444}
  m_RootOrder: 1
  m_AnchorMin: {x: .441898942, y: .232633099}
  m_AnchorMax: {x: .540475488, y: .5}
  m_AnchoredPosition: {x: 5.1856041e-06, y: .199984029}
  m_SizeDelta: {x: 1.43050001e-05, y: -.399980009}
  m_Pivot: {x: .5, y: .5}
--- !u!1 &1850455577
GameObject:
  m_ObjectHideFlags: 0
  m_PrefabParentObject: {fileID: 100034, guid: f5253d73e468c7a418eb1ec0e99fc4c2, type: 2}
  m_PrefabInternal: {fileID: 0}
  serializedVersion: 4
  m_Component:
  - 224: {fileID: 1850455578}
  - 222: {fileID: 1850455580}
  - 114: {fileID: 1850455579}
  m_Layer: 5
  m_Name: Panel
  m_TagString: Untagged
  m_Icon: {fileID: 0}
  m_NavMeshLayer: 0
  m_StaticEditorFlags: 0
  m_IsActive: 1
--- !u!224 &1850455578
RectTransform:
  m_ObjectHideFlags: 0
  m_PrefabParentObject: {fileID: 22400034, guid: f5253d73e468c7a418eb1ec0e99fc4c2,
    type: 2}
  m_PrefabInternal: {fileID: 0}
  m_GameObject: {fileID: 1850455577}
  m_LocalRotation: {x: 0, y: 0, z: 0, w: 1}
  m_LocalPosition: {x: 0, y: 0, z: 0}
  m_LocalScale: {x: 1, y: 1, z: 1}
  m_Children:
  - {fileID: 47780812}
  m_Father: {fileID: 409605892}
  m_RootOrder: 2
  m_AnchorMin: {x: .365253985, y: .837229788}
  m_AnchorMax: {x: .629478335, y: 1}
  m_AnchoredPosition: {x: -1.0971029e-05, y: 4.76837158e-06}
  m_SizeDelta: {x: 0, y: 1.14439999e-05}
  m_Pivot: {x: .5, y: .5}
--- !u!114 &1850455579
MonoBehaviour:
  m_ObjectHideFlags: 0
  m_PrefabParentObject: {fileID: 11400050, guid: f5253d73e468c7a418eb1ec0e99fc4c2,
    type: 2}
  m_PrefabInternal: {fileID: 0}
  m_GameObject: {fileID: 1850455577}
  m_Enabled: 1
  m_EditorHideFlags: 0
  m_Script: {fileID: -765806418, guid: f5f67c52d1564df4a8936ccd202a3bd8, type: 3}
  m_Name: 
  m_EditorClassIdentifier: 
  m_Material: {fileID: 0}
  m_Color: {r: 1, g: 1, b: 1, a: .39199999}
  m_Sprite: {fileID: 10907, guid: 0000000000000000f000000000000000, type: 0}
  m_Type: 1
  m_PreserveAspect: 0
  m_FillCenter: 1
  m_FillMethod: 4
  m_FillAmount: 1
  m_FillClockwise: 1
  m_FillOrigin: 0
--- !u!222 &1850455580
CanvasRenderer:
  m_ObjectHideFlags: 0
  m_PrefabParentObject: {fileID: 22200032, guid: f5253d73e468c7a418eb1ec0e99fc4c2,
    type: 2}
  m_PrefabInternal: {fileID: 0}
  m_GameObject: {fileID: 1850455577}
  m_HideIfInvisible: 0
--- !u!1 &1900906761
GameObject:
  m_ObjectHideFlags: 0
  m_PrefabParentObject: {fileID: 100036, guid: f5253d73e468c7a418eb1ec0e99fc4c2, type: 2}
  m_PrefabInternal: {fileID: 0}
  serializedVersion: 4
  m_Component:
  - 224: {fileID: 1900906762}
  - 222: {fileID: 1900906764}
  - 114: {fileID: 1900906763}
  - 114: {fileID: 1900906765}
  m_Layer: 5
  m_Name: P1
  m_TagString: Untagged
  m_Icon: {fileID: 0}
  m_NavMeshLayer: 0
  m_StaticEditorFlags: 0
  m_IsActive: 1
--- !u!224 &1900906762
RectTransform:
  m_ObjectHideFlags: 0
  m_PrefabParentObject: {fileID: 22400036, guid: f5253d73e468c7a418eb1ec0e99fc4c2,
    type: 2}
  m_PrefabInternal: {fileID: 0}
  m_GameObject: {fileID: 1900906761}
  m_LocalRotation: {x: 0, y: 0, z: 0, w: 1}
  m_LocalPosition: {x: 0, y: 0, z: 0}
  m_LocalScale: {x: 1, y: 1, z: 1}
  m_Children: []
  m_Father: {fileID: 34660355}
  m_RootOrder: 4
  m_AnchorMin: {x: .66900003, y: .232633099}
  m_AnchorMax: {x: .776321888, y: .5}
  m_AnchoredPosition: {x: -0, y: 0}
  m_SizeDelta: {x: 0, y: 0}
  m_Pivot: {x: .5, y: .5}
--- !u!114 &1900906763
MonoBehaviour:
  m_ObjectHideFlags: 0
  m_PrefabParentObject: {fileID: 11400052, guid: f5253d73e468c7a418eb1ec0e99fc4c2,
    type: 2}
  m_PrefabInternal: {fileID: 0}
  m_GameObject: {fileID: 1900906761}
  m_Enabled: 1
  m_EditorHideFlags: 0
  m_Script: {fileID: 708705254, guid: f5f67c52d1564df4a8936ccd202a3bd8, type: 3}
  m_Name: 
  m_EditorClassIdentifier: 
  m_Material: {fileID: 0}
  m_Color: {r: .1953125, g: .1953125, b: .1953125, a: 1}
  m_FontData:
    m_Font: {fileID: 10102, guid: 0000000000000000e000000000000000, type: 0}
    m_FontSize: 14
    m_FontStyle: 0
    m_BestFit: 0
    m_MinSize: 10
    m_MaxSize: 40
    m_Alignment: 0
    m_RichText: 1
    m_HorizontalOverflow: 0
    m_VerticalOverflow: 0
    m_LineSpacing: 1
  m_Text: New Text
--- !u!222 &1900906764
CanvasRenderer:
  m_ObjectHideFlags: 0
  m_PrefabParentObject: {fileID: 22200034, guid: f5253d73e468c7a418eb1ec0e99fc4c2,
    type: 2}
  m_PrefabInternal: {fileID: 0}
  m_GameObject: {fileID: 1900906761}
  m_HideIfInvisible: 0
--- !u!114 &1900906765
MonoBehaviour:
  m_ObjectHideFlags: 0
  m_PrefabParentObject: {fileID: 11400054, guid: f5253d73e468c7a418eb1ec0e99fc4c2,
    type: 2}
  m_PrefabInternal: {fileID: 0}
  m_GameObject: {fileID: 1900906761}
  m_Enabled: 1
  m_EditorHideFlags: 0
  m_Script: {fileID: 11500000, guid: 361039f65ff1d4a4b821c33d037612bb, type: 3}
  m_Name: 
  m_EditorClassIdentifier: 
